
@book{feller2013vvedenie,
  title={Введение в теорию вероятностей и ее приложения},
  author={Феллер, Вильям},
  year={2010},
  publisher={URSS: Либроком},
  hypenation={russian},
  addendum={Очень старый и очень классный учебник по теории вероятностей в двух томах}
}

@book{sekey2013paradoxes,
  title={Парадоксы в теории вероятностей и математической статистике},
  author={Секей, Габор},
  year={1990},
  publisher={Москва, Мир},
  hypenation={russian},
  addendum={Парадоксы с решениями и историей}
}

@article{winkler2002games,
  title={Games people don’t play},
  author={Winkler, Peter},
  journal={Puzzler’s Tribute: a Feast for the Mind},
  pages={301--313},
  hypenation={british},
  url={http://www.teorver.ru/newkatalog/1193689162.pdf},
  year={2002},
  addendum={Несколько красивейших задач с решениями!}
}

@misc{gravner20problems,
  author={Gravner, Janko},
  title={Twenty problems in probability},
  hypenation={british},
  url={https://www.math.ucdavis.edu/~gravner/MAT135A/resources/chpr.pdf}
}

@misc{kolmogorovolymps,
  title={Колмогоровские студенческие олимпиады по теории вероятностей},
  hypenation={russian},
  url={http://new.math.msu.su/department/probab/olimpia/olimpia.htm}
}


@misc{randompermutations,
  title={Свойства случайных перестановок},
  hypenation={british},
  url={https://en.wikipedia.org/wiki/Random_permutation_statistics}
}


@book{blom1994problems,
  title={Problems and Snapshots from the World of Probability},
  author={Blom, Gunnar},
  year={1994},
  hypenation={british},
  publisher={Springer},
  addendum={Задачи с решениями и небольшими исследованиями}
}

@article{ruggles1947empirical,
  title={An empirical approach to economic intelligence in World War II},
  author={Ruggles, Richard and Brodie, Henry},
  journal={Journal of the American Statistical Association},
  volume={42},
  number={237},
  pages={72--91},
  year={1947},
  publisher={Taylor \& Francis Group},
  hypenation={british},
  addendum={Подробности про то, как захватив всего два танка, можно оценить ежемесячный выпуск с точностью в пару процентов.}
}

@book{zade2003nevesta,
  title={Разборчивая невеста},
  author={Гусейн-Заде, С.М.},
  year={2003},
  publisher={МЦНМО},
  hypenation={russian},
  addendum={Задача в изложении для девятиклассников, \url{http://www.mccme.ru/mmmf-lectures/books/books/book.25.pdf}}
}

@article{friedlen1990e3265,
  title={E3265},
  author={Friedlen, DM and Pryor, Doug},
  journal={The American Mathematical Monthly},
  volume={97},
  number={3},
  pages={242--244},
  year={1990},
  publisher={JSTOR}
}

@MISC{894509,
    TITLE = {Expected value of sock pairs},
    AUTHOR = {stumped (https://math.stackexchange.com/users/169207/stumped)},
    HOWPUBLISHED = {Mathematics Stack Exchange},
    NOTE = {URL:https://math.stackexchange.com/q/894509 (version: 2014-08-11)},
    EPRINT = {https://math.stackexchange.com/q/894509},
    URL = {https://math.stackexchange.com/q/894509}
}

@book{wilf2013generatingfunctionology,
  title={generatingfunctionology},
  author={Wilf, Herbert S},
  year={2013},
  publisher={Elsevier},
  url={https://www.math.upenn.edu/~wilf/DownldGF.html},
  addendum={Шикарная книжка про производящие функции}
}

@article{mukherjee2017proof,
  title={A Proof of the Herschel-Maxwell Theorem Using the Strong Law of Large Numbers},
  author={Mukherjee, Somabha},
  journal={arXiv preprint arXiv:1701.02228},
  url={https://arxiv.org/abs/1701.02228},
  year={2017}
}


@article{hesterberg2015teachers,
  title={What teachers should know about the bootstrap: Resampling in the undergraduate statistics curriculum},
  author={Hesterberg, Tim C},
  journal={The American Statistician},
  volume={69},
  number={4},
  pages={371--386},
  year={2015},
  url={http://arxiv.org/abs/1411.5279},
  publisher={Taylor \& Francis}
}

@misc{savenkov2020guide,
  author       = {Savenkov, Daniel and Mar, Nikita},
  title        = {Practitioner’s Guide to Statistical Tests},
  howpublished = {},
  url = {https://medium.com/@vktech/practitioners-guide-to-statistical-tests-ed2d580ef04f},
  year         = {2020}
}


@article{carpenter2000bootstrap,
  title={Bootstrap confidence intervals: when, which, what? A practical guide for medical statisticians},
  author={Carpenter, James and Bithell, John},
  journal={Statistics in medicine},
  volume={19},
  number={9},
  pages={1141--1164},
  url = {https://www.tau.ac.il/~saharon/Boot/10.1.1.133.8405.pdf},
  year={2000},
  publisher={Wiley Online Library}
}




@article{clarke1946application,
  title={An application of the Poisson distribution},
  author={Clarke, RD},
  journal={Journal of the Institute of Actuaries},
  volume={72},
  number={3},
  pages={481--481},
  year={1946},
  url={https://www.actuaries.org.uk/system/files/documents/pdf/0481.pdf},
  publisher={Cambridge University Press}
}



@article{baird1983fisher,
  title={The Fisher/Pearson Chi-squared controversy: a turning point for inductive inference},
  author={Baird, Davis},
  journal={The British Journal for the Philosophy of Science},
  volume={34},
  number={2},
  pages={105--118},
  year={1983},
  publisher={Oxford University Press}
}


@article{moldovanu1998goethe,
  title={Goethe's second-price auction},
  author={Moldovanu, Benny and Tietzel, Manfred},
  journal={Journal of Political Economy},
  volume={106},
  number={4},
  pages={854--859},
  year={1998},
  url={https://www.econ2.uni-bonn.de/pdf/papers/goethes_second.pdf},
  publisher={The University of Chicago Press}
}



@inproceedings{deng2013improving,
  title={Improving the sensitivity of online controlled experiments by utilizing pre-experiment data},
  author={Deng, Alex and Xu, Ya and Kohavi, Ron and Walker, Toby},
  booktitle={Proceedings of the sixth ACM international conference on Web search and data mining},
  pages={123--132},
  url={www.exp-platform.com/Documents/2013-02-CUPED-ImprovingSensitivityOfControlledExperiments.pdf},
  year={2013}
}


@article{buzun2015stochastic,
  title={Stochastic Analysis in Problems, part 1 (in Russian)},
  author={Buzun, Nazar and Gasnikov, Alexander and Goncharov, Fedor and Gorbachev, Oleg and Guz, Sergey and Krymova, Ekaterina and Natan, Andrey and Chernousova, Elena},
  journal={arXiv preprint arXiv:1508.03461},
  url={https://arxiv.org/abs/1508.03461},
  year={2015}
}


@article{klain2020probabilistic,
  title={A probabilistic proof of the spherical excess formula},
  author={Klain, Daniel A},
  journal={The American Mathematical Monthly},
  volume={128},
  number={1},
  pages={70--72},
  year={2020},
  url={https://arxiv.org/abs/1909.04505},
  publisher={Taylor \& Francis}
}


@incollection{welzl1994gram,
  title={Gram's equation—A probabilistic proof},
  author={Welzl, Emo},
  booktitle={Results and Trends in Theoretical Computer Science},
  pages={422--424},
  year={1994},
  url={http://www3.math.tu-berlin.de/combi/wp_henk/wp-content/uploads/2011/05/Welzl-Grams-equation-a-probabilistic.pdf},
  publisher={Springer}
}
