
@book{feller2013vvedenie,
  title={Введение в теорию вероятностей и ее приложения},
  author={Феллер, Вильям},
  year={2010},
  publisher={URSS: Либроком},
  hypenation={russian},
  addendum={Очень старый и очень классный учебник по теории вероятностей в двух томах}
}

@book{sekey2013paradoxes,
  title={Парадоксы в теории вероятностей и математической статистике},
  author={Секей, Габор},
  year={1990},
  publisher={Москва, Мир},
  hypenation={russian},
  addendum={Парадоксы с решениями и историей}
}

@article{winkler2002games,
  title={Games people don’t play},
  author={Winkler, Peter},
  journal={Puzzler’s Tribute: a Feast for the Mind},
  pages={301--313},
  hypenation={british},
  url={http://www.teorver.ru/newkatalog/1193689162.pdf},
  year={2002},
  addendum={Несколько красивейших задач с решениями!}
}

@misc{gravner20problems,
  author={Gravner, Janko},
  title={Twenty problems in probability},
  hypenation={british},
  url={https://www.math.ucdavis.edu/~gravner/MAT135A/resources/chpr.pdf},
  addendum={Двадцать задач олимпиадного уровня}
}

@misc{kolmogorovolymps,
  title={Колмогоровские студенческие олимпиады по теории вероятностей},
  hypenation={russian},
  url={http://new.math.msu.su/department/probab/olimpia/olimpia.htm},
  addendum={Жаль, что они не каждый год!}
}


@misc{randompermutations,
  title={Свойства случайных перестановок},
  hypenation={british},
  url={https://en.wikipedia.org/wiki/Random_permutation_statistics}
}


@book{blom1994problems,
  title={Problems and Snapshots from the World of Probability},
  author={Blom, Gunnar},
  year={1994},
  hypenation={british},
  publisher={Springer},
  addendum={Задачи с решениями и небольшими исследованиями}
}

@article{ruggles1947empirical,
  title={An empirical approach to economic intelligence in World War II},
  author={Ruggles, Richard and Brodie, Henry},
  journal={Journal of the American Statistical Association},
  volume={42},
  number={237},
  pages={72--91},
  year={1947},
  publisher={Taylor \& Francis Group},
  hypenation={british},
  addendum={Подробности про то, как захватив всего два танка, можно оценить ежемесячный выпуск с точностью в пару процентов.}
}

@book{zade2003nevesta,
  title={Разборчивая невеста},
  author={Гусейн-Заде, С.М.},
  year={2003},
  publisher={МЦНМО},
  hypenation={russian},
  url={http://www.mccme.ru/mmmf-lectures/books/books/book.25.pdf},
  addendum={Задача в изложении для девятиклассников}
}

@article{friedlen1990e3265,
  title={E3265},
  author={Friedlen, DM and Pryor, Doug},
  journal={The American Mathematical Monthly},
  volume={97},
  number={3},
  pages={242--244},
  year={1990},
  publisher={JSTOR},
  addendum={Задача про носки?}
}

@MISC{894509,
    TITLE = {Expected value of sock pairs},
    AUTHOR = {stumped (https://math.stackexchange.com/users/169207/stumped)},
    HOWPUBLISHED = {Mathematics Stack Exchange},
    NOTE = {URL:https://math.stackexchange.com/q/894509 (version: 2014-08-11)},
    EPRINT = {https://math.stackexchange.com/q/894509},
    URL = {https://math.stackexchange.com/q/894509},
    addendum={Задача про носки}
}

@book{wilf2013generatingfunctionology,
  title={generatingfunctionology},
  author={Wilf, Herbert S},
  year={2013},
  publisher={Elsevier},
  url={https://www.math.upenn.edu/~wilf/DownldGF.html},
  addendum={Шикарная книжка про производящие функции}
}

@article{mukherjee2017proof,
  title={A Proof of the Herschel-Maxwell Theorem Using the Strong Law of Large Numbers},
  author={Mukherjee, Somabha},
  journal={arXiv preprint arXiv:1701.02228},
  year={2017}
}

@article{zeileis2004econometric,
  title={Econometric computing with HC and HAC covariance matrix estimators},
  author={Zeileis, Achim},
  year={2004},
  publisher={Institut f{\"u}r Statistik und Mathematik, WU Vienna University of Economics and Business},
  url={https://cran.r-project.org/web/packages/sandwich/vignettes/sandwich.pdf},
  addendum={Пакет sandwich для R и разные оценки ковариационной матрицы оценок коэффициентов}
}


@article{leamer1975result,
  title={A result on the sign of restricted least-squares estimates},
  author={Leamer, Edward E},
  journal={Journal of Econometrics},
  volume={3},
  number={4},
  pages={387--390},
  year={1975},
  publisher={Elsevier},
  addendum={Про смену знака оценки коэффициента при удалении переменной}
}

@misc{schmidheiny2016guides,
  author={Schmidheiny, Kurt},
  year={2016},
  title={Short Guides to Microeconometrics: Panel Data},
  hypenation={british},
  url={https://www.schmidheiny.name/teaching/shortguides.htm},
  addendum={Краткие и строгие заметки по разным сюжетам}
}


@book{hyndman2014forecasting,
  title={Forecasting: principles and practice},
  author={Hyndman, Rob J and Athanasopoulos, George},
  year={2018},
  publisher={OTexts},
  url={https://otexts.org/fpp2/},
  addendum={Замечательная книжка от автора пакета forecast и вероотступника :)}
}


@article{van2002time,
  title={Time series},
  author={van der Vaart, Aad W},
  journal={Lecture Notes, Amsterdam},
  year={2010},
  url={http://pub.math.leidenuniv.nl/~vaartawvander/timeseries/dictaat.pdf},
  addendum={Строгие лекции по временным рядам}
}

@misc{decrouez2016sm,
  title={Stochastic Modelling},
  author={Geoffrey G. Decrouez},
  year={2016},
  url={https://cs.hse.ru/ai/sm},
  addendum={Классные лекции по статистическим методам идеальным почерком: k-средних, pca, Калман, фильтр частиц.}
}

@misc{decrouez2018mmdm,
  title={Modern Methods in Decision Making},
  author={Decrouez, Geoffrey G.},
  year={2018},
  url={https://cs.hse.ru/ai/mmdm},
  addendum={Классные лекции по методам принятия решений идеальным почерком: регрессия, LASSO, деревья.}
}

@book{creel2018econometrics,
  title={Economtrics},
  author={Creel, Michael},
  year={2018},
  url={https://github.com/mcreel/Econometrics},
  addendum={Открытые лекции по метрике без отклонений от здравомыслия и с julia}
}


@misc{pollock2010lectures,
  title={Lectures in Time-Series Analysis and Forecasting},
  author={Pollock, D.S.G.},
  year={2010},
  url={https://www.le.ac.uk/users/dsgp1/COURSES/TSERIES/PROSERIE.HTM},
  addendum={Хорошо изложено про моделирование сезонности}
}

@misc{3blue1brown2017fourier,
  title={But what is a Fourier transform? A visual introduction},
  author={3blue1brown},
  year={2017},
  url={https://www.youtube.com/watch?v=spUNpyF58BY},
  addendum={Суть непрерывного преобразования Фурье за 20 минут}
}
