@article{ng2020orbit,
  title={Orbit: Probabilistic Forecast with Exponential Smoothing},
  author={Ng, Edwin and Wang, Zhishi and Chen, Huigang and Yang, Steve and Smyl, Slawek},
  journal={arXiv preprint arXiv:2004.08492},
  year={2020}
}

@book{hyndman2018forecasting,
  title={Forecasting: principles and practice},
  author={Hyndman, Rob J and Athanasopoulos, George},
  year={2018},
  publisher={OTexts}
}


@article{murphy2015arrow,
  title={ARROWâ€™S THEOREM BY BOOLEAN FOURIER ANALYSIS},
  author={Murphy III, James T},
  year={2015},
  url={https://intfxdx.com/downloads/arrow-boolean-fourier-2015.pdf}
}


@misc{chen2016infinitely,
  title={An infinitely large napkin},
  author={Chen, Evan},
  year={2016},
  publisher={Cambridge, Massachusetts: Massachusetts Institute of Technology},
  url={https://github.com/vEnhance/napkin/}
}

